<record><leader>00000cas a22000007a 4500</leader><controlfield tag="001">19878017</controlfield><controlfield tag="008">890615d19121914iduwr ne      0    0eng d</controlfield><datafield ind1=" " ind2=" " tag="010"><subfield code="a">sn 89055155 </subfield></datafield><datafield ind1=" " ind2=" " tag="040"><subfield code="a">NVB</subfield><subfield code="b">eng</subfield><subfield code="c">NVB</subfield><subfield code="d">OCLCQ</subfield><subfield code="d">OCLCF</subfield><subfield code="d">OCLCO</subfield></datafield><datafield ind1=" " ind2=" " tag="042"><subfield code="a">msc</subfield></datafield><datafield ind1=" " ind2=" " tag="043"><subfield code="a">n-us-id</subfield></datafield><datafield ind1="0" ind2=" " tag="130"><subfield code="a">Fairfield sun (Fairfield, Idaho)</subfield></datafield><datafield ind1="1" ind2="4" tag="245"><subfield code="a">The Fairfield sun.</subfield></datafield><datafield ind1=" " ind2=" " tag="260"><subfield code="a">Fairfield, Blaine County, Idaho :</subfield><subfield code="b">V.E. Cunningham</subfield></datafield><datafield ind1=" " ind2=" " tag="300"><subfield code="a">v.</subfield></datafield><datafield ind1=" " ind2=" " tag="310"><subfield code="a">Weekly</subfield></datafield><datafield ind1="0" ind2=" " tag="362"><subfield code="a">Vol., 1, no. 37 (Aug. 8, 1912)-</subfield></datafield><datafield ind1="1" ind2=" " tag="362"><subfield code="a">Ceased with Dec. 18, 1914 issue.</subfield></datafield><datafield ind1=" " ind2="0" tag="651"><subfield code="a">Fairfield (Idaho)</subfield><subfield code="v">Newspapers.</subfield></datafield><datafield ind1=" " ind2="7" tag="655"><subfield code="a">Newspapers.</subfield><subfield code="2">fast</subfield><subfield code="0">(OCoLC)fst01423814</subfield></datafield><datafield ind1=" " ind2="7" tag="651"><subfield code="a">Idaho</subfield><subfield code="z">Fairfield.</subfield><subfield code="2">fast</subfield><subfield code="0">(OCoLC)fst01871310</subfield></datafield><datafield ind1=" " ind2=" " tag="752"><subfield code="a">United States</subfield><subfield code="b">Idaho</subfield><subfield code="c">Camas</subfield><subfield code="d">Fairfield.</subfield></datafield><datafield ind1=" " ind2=" " tag="752"><subfield code="a">United States</subfield><subfield code="b">Idaho</subfield><subfield code="c">Blaine</subfield><subfield code="d">Fairfield.</subfield></datafield><datafield ind1="0" ind2="0" tag="780"><subfield code="t">New Soldier sun</subfield><subfield code="w">(DLC)sn 89055154</subfield></datafield><datafield ind1="0" ind2="4" tag="785"><subfield code="t">Camas Prairie courier</subfield><subfield code="w">(DLC)sn 89055153</subfield></datafield></record>